
@misc{Authors_Papper_2,
 author = {S. Ferrari, M. Silva, M. Guarino, D. Berckmans},
 title = {Monitoring of swarming sounds in bee hives for early detection of the swarming period},
 note = {},
 year = 2008
}



@misc{Authors_Papper_1,
 author = {Aleksejs Zacepins, Armands Kviesis, Egils Stalidzans, Marta Liepniece, Jurijs Meitalovs},
 title = {Remote detection of the swarming of honey bee colonies by single-point temperature monitoring},
 note = {},
 year = 2016
}



@misc{Authors_OpenCV,
 author = {},
 title = {OpenCV},
 note = {https://opencv.org/},
 year = 2018
}



@misc{Authors_BioTracking,
 author = {},
 title = {Bio-tracking},
 note = {http://www.bio-tracking.org/category/software/},
 year = 2018
}



@misc{Authors_Youtube_1,
 author = {D0msch},
 title = {Bee Tracking - First Try},
 note = {https://www.youtube.com/watch?v=xk0HVBjb1NA},
 year = 2016
}



@misc{Authors_Youtube_2,
 author = {Fabio Poiesi},
 title = {Bee Tracking},
 note = {https://www.youtube.com/watch?v=CyOXsb76CnM},
 year = 2016
}



@misc{Authors_Youtube_3,
 author = {Bryan Hains},
 title = {Honey bee video flight tracking},
 note = {https://www.youtube.com/watch?v=f5zW3BzxlYs},
 year = 2014
}



@article{Alpher02,
author = {},
title = {Bee Tracking},
journal = {Journal of Foo},
volume = 12, 
number = 1, 
pages = {234--778}, 
year = 2002
}
